<?xml version="1.0" encoding="UTF-8"?><record xmlns="http://www.loc.gov/MARC21/slim" xmlns:cinclude="http://apache.org/cocoon/include/1.0" xmlns:zs="http://www.loc.gov/zing/srw/">
  <leader>00837cz  a2200145n  4500</leader>
  <controlfield tag="001">n 2013030878</controlfield>
  <controlfield tag="003">DLC</controlfield>
  <controlfield tag="005">20130601070641.0</controlfield>
  <controlfield tag="008">130531n| azannaabn          |b ana      </controlfield>
  <datafield tag="010" ind1=" " ind2=" ">
    <subfield code="a">n 2013030878</subfield>
  </datafield>
  <datafield tag="040" ind1=" " ind2=" ">
    <subfield code="a">DLC</subfield>
    <subfield code="b">eng</subfield>
    <subfield code="c">DLC</subfield>
    <subfield code="e">rda</subfield>
  </datafield>
  <datafield tag="110" ind1="2" ind2=" ">
    <subfield code="a">Madrasah-i Ḥājj Muḥammad Ibrāhīm Khvānsārī</subfield>
  </datafield>
  <datafield tag="410" ind1="2" ind2=" ">
    <subfield code="a">‏مدرسه حاج محمد ابراهيم خوانسارى</subfield>
  </datafield>
  <datafield tag="667" ind1=" " ind2=" ">
    <subfield code="a">Non-Latin script reference not evaluated</subfield>
  </datafield>
  <datafield tag="670" ind1=" " ind2=" ">
    <subfield code="a">Fihrist-i nuskhahʹhā-yi khaṭṭī-i dū kitābkhānah-ʼi Arāk (Madrasah-i Ḥājj Muḥammad Ibrāhīm Khvānsārī va Madrasah-i Sipahdārī), 2012:</subfield>
    <subfield code="b">t.p. (مدرسه حاج محمد ابراهيم خوانسارى = Madrasah-i Ḥājj Muḥammad Ibrāhīm Khvānsārī) facing t.p. (Iranian CIP data: Madrasah-i Ḥājj Muḥammad Ibrāhīm Khvānsārī (Arāk))</subfield>
  </datafield>
</record>